<?xml version="1.0" encoding="UTF-8"?>
<OAI-PMH xmlns="http://www.openarchives.org/OAI/2.0/" xmlns:xsi="http://www.w3.org/2001/XMLSchema-instance" xsi:schemaLocation="http://www.openarchives.org/OAI/2.0/ http://www.openarchives.org/OAI/2.0/OAI-PMH.xsd">
<ListRecords>
<record>
<header status="updated">
<identifier>urm_publish:71294374530002121</identifier>
</header>
<metadata>
<record xmlns="http://www.loc.gov/MARC21/slim" xmlns:xsi="http://www.w3.org/2001/XMLSchema-instance" xsi:schemaLocation="http://www.loc.gov/MARC21/slim http://www.loc.gov/standards/marcxml/schema/MARC21slim.xsd" ><leader>01201mam a2200325 a 4500</leader><controlfield tag="005">19990604113142.0</controlfield><controlfield tag="008">930305t19911991gw a          000 0 ger d</controlfield><controlfield tag="001">999701053802121</controlfield><datafield tag="020" ind1=" " ind2=" "><subfield code="a">3928071025</subfield></datafield><datafield tag="035" ind1=" " ind2=" "><subfield code="a">(OCoLC)27671857</subfield></datafield><datafield tag="035" ind1=" " ind2=" "><subfield code="9">AQT2692UW</subfield></datafield><datafield tag="035" ind1=" " ind2=" "><subfield code="a">(WU)2602518-uwmadisondb</subfield></datafield><datafield tag="040" ind1=" " ind2=" "><subfield code="a">GZM</subfield><subfield code="b">eng</subfield><subfield code="c">GZM</subfield></datafield><datafield tag="049" ind1=" " ind2=" "><subfield code="a">GZZC</subfield></datafield><datafield tag="090" ind1=" " ind2=" "><subfield code="a">N6888.H299</subfield><subfield code="b">A4 1991</subfield></datafield><datafield tag="100" ind1="1" ind2=" "><subfield code="a">Härtter, Bernhard,</subfield><subfield code="d">1962-</subfield><subfield code="2">LCNAMES</subfield></datafield><datafield tag="245" ind1="1" ind2="0"><subfield code="a">Bernhard Härtter :</subfield><subfield code="b">[Ausstellung] Portikus Frankfurt am Main : Kunstraum München.</subfield></datafield><datafield tag="264" ind1=" " ind2="1"><subfield code="a">[Frankfurt am Main] :</subfield><subfield code="b">[Portikus],</subfield><subfield code="c">[1991]</subfield></datafield><datafield tag="264" ind1=" " ind2="4"><subfield code="c">©1991</subfield></datafield><datafield tag="300" ind1=" " ind2=" "><subfield code="a">1 volume (unpaged) :</subfield><subfield code="b">illustrations (some color) ;</subfield><subfield code="c">21 cm.</subfield></datafield><datafield tag="336" ind1=" " ind2=" "><subfield code="a">text</subfield><subfield code="b">txt</subfield><subfield code="2">rdacontent</subfield></datafield><datafield tag="337" ind1=" " ind2=" "><subfield code="a">unmediated</subfield><subfield code="b">n</subfield><subfield code="2">rdamedia</subfield></datafield><datafield tag="338" ind1=" " ind2=" "><subfield code="a">volume</subfield><subfield code="b">nc</subfield><subfield code="2">rdacarrier</subfield></datafield><datafield tag="490" ind1="1" ind2=" "><subfield code="a">Kataloge für junge Künstler ;</subfield><subfield code="v">56</subfield></datafield><datafield tag="500" ind1=" " ind2=" "><subfield code="a">Catalog of an exhibition held Jan. 26-Feb. 24, 1991 at the Portikus Gallery, Frankfurt am Main, and Feb. 18-Apr. 18, 1992 at the Kunstraum München.</subfield></datafield><datafield tag="600" ind1="1" ind2="0"><subfield code="a">Härtter, Bernhard,</subfield><subfield code="d">1962-</subfield><subfield code="x">Exhibitions.</subfield><subfield code="2">LCNAMES</subfield></datafield><datafield tag="710" ind1="2" ind2=" "><subfield code="a">Portikus (Gallery)</subfield><subfield code="2">LCNAMES</subfield><subfield code="0">41-LIBRARY_OF_CONGRESS-n  90623349</subfield><subfield code="9">Y</subfield></datafield><datafield tag="710" ind1="2" ind2=" "><subfield code="a">Kunstraum München e.V.</subfield><subfield code="2">LCNAMES</subfield><subfield code="0">41-LIBRARY_OF_CONGRESS-n  80128690</subfield><subfield code="9">Y</subfield></datafield><datafield tag="830" ind1=" " ind2="0"><subfield code="a">Kataloge für junge Künstler ;</subfield><subfield code="v">56.</subfield></datafield><datafield tag="997" ind1=" " ind2=" "><subfield code="a">MARCIVE</subfield></datafield><datafield tag="710" ind1="2" ind2=" "><subfield code="a">Kunstraum muenchen e.V.</subfield><subfield code="2">LCNAMES</subfield><subfield code="0">41-LIBRARY_OF_CONGRESS-n  80128690</subfield><subfield code="9">N</subfield></datafield><datafield tag="710" ind1="2" ind2=" "><subfield code="a">Portikus Frankfurt</subfield><subfield code="2">LCNAMES</subfield><subfield code="0">41-LIBRARY_OF_CONGRESS-n  90623349</subfield><subfield code="9">N</subfield></datafield><datafield tag="710" ind1="2" ind2=" "><subfield code="a">Kunsthalle Portikus</subfield><subfield code="2">LCNAMES</subfield><subfield code="0">41-LIBRARY_OF_CONGRESS-n  90623349</subfield><subfield code="9">N</subfield></datafield><datafield tag="INST" ind1=" " ind2=" "><subfield code="a">01UWI_NETWORK</subfield><subfield code="b">P</subfield><subfield code="c">71294374530002121</subfield></datafield><datafield tag="INST" ind1=" " ind2=" "><subfield code="a">01UWI_MAD</subfield><subfield code="b">P</subfield><subfield code="c">21565697920002122</subfield></datafield><datafield tag="AVA" ind1=" " ind2=" "><subfield code="0">9926025183602122</subfield><subfield code="8">22854727680002122</subfield><subfield code="a">01UWI_MAD</subfield><subfield code="b">REMOTE</subfield><subfield code="c">by request only</subfield><subfield code="d">N6888 H299 A4 1991</subfield><subfield code="e">available</subfield><subfield code="f">1</subfield><subfield code="g">0</subfield><subfield code="j">vsf</subfield><subfield code="k">0</subfield><subfield code="p">1</subfield><subfield code="q">Verona Shelving Facility</subfield></datafield><datafield tag="MMS" ind1=" " ind2=" "><subfield code="b">999701053802121</subfield><subfield code="a">01UWI_NETWORK</subfield></datafield><datafield tag="MMS" ind1=" " ind2=" "><subfield code="b">9926025183602122</subfield><subfield code="a">01UWI_MAD</subfield></datafield><datafield tag="BBB" ind1="0" ind2="0"><subfield code="x">har blo inv 11/24/92</subfield><subfield code="8">22854727680002122</subfield><subfield code="A">01UWI_MAD</subfield></datafield></record>
</metadata>
</record>
</ListRecords>
</OAI-PMH>